<record><leader>00000cas a22000007a 4500</leader><controlfield tag="001">14162236</controlfield><controlfield tag="008">860829d18751927wiucr ne      0    0ger d</controlfield><datafield ind1=" " ind2=" " tag="010"><subfield code="a">sn 86086535 </subfield></datafield><datafield ind1=" " ind2=" " tag="040"><subfield code="a">NPV</subfield><subfield code="b">eng</subfield><subfield code="c">NPV</subfield><subfield code="d">OCLCQ</subfield></datafield><datafield ind1=" " ind2=" " tag="042"><subfield code="a">msc</subfield></datafield><datafield ind1="0" ind2="4" tag="082"><subfield code="a">071</subfield></datafield><datafield ind1="0" ind2=" " tag="130"><subfield code="a">National Demokrat (Sheboygan, Wis.)</subfield></datafield><datafield ind1="1" ind2="0" tag="245"><subfield code="a">National Demokrat.</subfield></datafield><datafield ind1="1" ind2="3" tag="246"><subfield code="a">Plymouth Correspondent</subfield></datafield><datafield ind1="1" ind2="3" tag="246"><subfield code="a">National Demokrat und Plymouth Correspondent</subfield></datafield><datafield ind1=" " ind2=" " tag="260"><subfield code="a">Sheboygan, Wis. :</subfield><subfield code="b">C. Zillier,</subfield><subfield code="c">1875-1927.</subfield></datafield><datafield ind1=" " ind2=" " tag="300"><subfield code="a">v.</subfield></datafield><datafield ind1=" " ind2=" " tag="310"><subfield code="a">Semiweekly</subfield></datafield><datafield ind1=" " ind2=" " tag="321"><subfield code="a">Weekly,</subfield><subfield code="b">&lt;Jahrg. 18, no. 1 (27 Mai, 1875)-Jahrg. 41, no. 4 (8 Juni, 1898)&gt;</subfield></datafield><datafield ind1="0" ind2=" " tag="362"><subfield code="a">Jahrg. 18, no. 1 (27 Mai, 1875)-69. Jahrg., no. 54 (6 April, 1927).</subfield></datafield><datafield ind1=" " ind2=" " tag="500"><subfield code="a">Publisher varies.</subfield></datafield><datafield ind1=" " ind2=" " tag="500"><subfield code="a">Added masthead: Plymouth Correspondent, June 15, 1898-April 6, 1927.</subfield></datafield><datafield ind1=" " ind2=" " tag="500"><subfield code="a">Issue for Dec. 13, 1916 has incorrect title: "Demokrat National."</subfield></datafield><datafield ind1=" " ind2=" " tag="525"><subfield code="a">Supplements accompany some issues.</subfield></datafield><datafield ind1=" " ind2=" " tag="588"><subfield code="a">Description based on: Jahrg. 18, no. 1 (27 Mai, 1875).</subfield></datafield><datafield ind1=" " ind2=" " tag="752"><subfield code="a">United States</subfield><subfield code="b">Wisconsin</subfield><subfield code="c">Sheboygan</subfield><subfield code="d">Sheboygan.</subfield></datafield><datafield ind1=" " ind2=" " tag="752"><subfield code="a">United States</subfield><subfield code="b">Wisconsin</subfield><subfield code="c">Sheboygan</subfield><subfield code="d">Plymouth.</subfield></datafield><datafield ind1="0" ind2="0" tag="780"><subfield code="t">National Demokrat und Sheboygan Zeitung (Sheboygan, Wis. : 1873)</subfield><subfield code="w">(DLC)sn 85033269</subfield></datafield><datafield ind1="0" ind2="5" tag="780"><subfield code="t">Plymouth Correspondent</subfield><subfield code="w">(DLC)sn 87082043</subfield></datafield><datafield ind1="0" ind2="0" tag="785"><subfield code="t">National Demokrat und Sheboygan Zeitung (Sheboygan, Wis. : 1927)</subfield><subfield code="w">(DLC)sn 86086536</subfield></datafield><datafield ind1="1" ind2=" " tag="029"><subfield code="a">AU@</subfield><subfield code="b">000025830073</subfield></datafield></record>